@techreport{DONECEGET,
Author = {Tellus Efficitur, Fermentum Quam},
Title = {Phasellus id condimentum velit},
Year = {2010},
Type = {report},
Institution = {Nullam Facilisis},
Langid = {french}
}

@techreport{SCELERISQUE,
Author = {Tellus and Egestas and Pellentesque and Suscipit},
Title = {Maecenas et velit , rutrum mauris eu, mattis est},
Type = {Norme},
Institution = {Phasellus ac elit},
Year = {2004},
Langid = {french}
}

@online{PEP8,
Author = {Guido van Rossum},
Title = {Style Guide for Python Code},
Year = {2013},
Url = {http://legacy.python.org/dev/peps/pep-0008/},
Langid = {french}
}
